<?xml version="1.0" encoding="UTF-8"?>
<SOAP-ENV:Envelope xmlns:SOAP-ENV="http://schemas.xmlsoap.org/soap/envelope/" xmlns:marcx="info:lc/xmlns/marcxchange-v1" xmlns:of="http://oss.dbc.dk/ns/openformat"><SOAP-ENV:Body><of:formatResponse><marcx:collection><marcx:record format="danMARC2" type="Bibliographic"><marcx:leader>00000c    2200000   4500</marcx:leader><marcx:datafield ind1="0" ind2="0" tag="001"><marcx:subfield code="a">ocn858761696</marcx:subfield><marcx:subfield code="b">WorldCat</marcx:subfield><marcx:subfield code="c">20140729083423</marcx:subfield><marcx:subfield code="d">20130921</marcx:subfield><marcx:subfield code="f">a</marcx:subfield></marcx:datafield><marcx:datafield ind1="0" ind2="0" tag="004"><marcx:subfield code="r">c</marcx:subfield><marcx:subfield code="a">e</marcx:subfield></marcx:datafield><marcx:datafield ind1="0" ind2="0" tag="008"><marcx:subfield code="t">m</marcx:subfield><marcx:subfield code="a">2003</marcx:subfield><marcx:subfield code="b">ch</marcx:subfield><marcx:subfield code="d">y</marcx:subfield><marcx:subfield code="w">1</marcx:subfield><marcx:subfield code="l">eng</marcx:subfield><marcx:subfield code="v">4</marcx:subfield></marcx:datafield><marcx:datafield ind1="0" ind2="0" tag="009"><marcx:subfield code="a">a</marcx:subfield><marcx:subfield code="g">xe</marcx:subfield><marcx:subfield code="b">t</marcx:subfield></marcx:datafield><marcx:datafield ind1="0" ind2="0" tag="021"><marcx:subfield code="e">9783034615631</marcx:subfield><marcx:subfield code="b">electronic bk.</marcx:subfield></marcx:datafield><marcx:datafield ind1="0" ind2="0" tag="021"><marcx:subfield code="a">3034615639</marcx:subfield><marcx:subfield code="b">electronic bk.</marcx:subfield></marcx:datafield><marcx:datafield ind1="0" ind2="0" tag="050"><marcx:subfield code="a">TH2401 .R576 2003</marcx:subfield></marcx:datafield><marcx:datafield ind1="0" ind2="0" tag="082"><marcx:subfield code="a">695</marcx:subfield><marcx:subfield code="c"/></marcx:datafield><marcx:datafield ind1="0" ind2="0" tag="100"><marcx:subfield code="a">Schunck</marcx:subfield><marcx:subfield code="h">Eberhard</marcx:subfield></marcx:datafield><marcx:datafield ind1="0" ind2="0" tag="245"><marcx:subfield code="a">Roof Construction Manual</marcx:subfield><marcx:subfield code="m">electronic resource</marcx:subfield><marcx:subfield code="c">Pitched Roofs</marcx:subfield></marcx:datafield><marcx:datafield ind1="0" ind2="0" tag="260"><marcx:subfield code="a">Basel</marcx:subfield><marcx:subfield code="b">De Gruyter</marcx:subfield><marcx:subfield code="c">2003</marcx:subfield></marcx:datafield><marcx:datafield ind1="0" ind2="0" tag="300"><marcx:subfield code="a">1 online resource (448 pages)</marcx:subfield></marcx:datafield><marcx:datafield ind1="0" ind2="0" tag="336"><marcx:subfield code="a">text</marcx:subfield><marcx:subfield code="b">txt</marcx:subfield><marcx:subfield code="2">rdacontent</marcx:subfield></marcx:datafield><marcx:datafield ind1="0" ind2="0" tag="337"><marcx:subfield code="a">computer</marcx:subfield><marcx:subfield code="b">c</marcx:subfield><marcx:subfield code="2">rdamedia</marcx:subfield></marcx:datafield><marcx:datafield ind1="0" ind2="0" tag="338"><marcx:subfield code="a">online resource</marcx:subfield><marcx:subfield code="b">cr</marcx:subfield><marcx:subfield code="2">rdacarrier</marcx:subfield></marcx:datafield><marcx:datafield ind1="0" ind2="0" tag="530"><marcx:subfield code="a">Part 1 Pitched roofs -- past and present; A status report; Roofing materials and techniques in the 19th century; Changes in building science; Iron, glass, concrete -- the new building Materials; Roofing techniques and roofing materials; New criteria; Further developments in the 20th century; Economy; Ecology; Building science; The building industry and new building materials; Forms of roofing and materials; Use and form; Using the roof surface; Roof forms; The parts of the roof; Roof form and use; Roof form and building; Roof form and environment; Part 2 Fundamentals; Loadbearing structure</marcx:subfield></marcx:datafield><marcx:datafield ind1="0" ind2="0" tag="530"><marcx:subfield code="a">ActionsDead loads; Imposed loads; Wind loads; Snow loads; Bracing; From roof covering to loadbearing structure; Overlapping elements on battens; Timber roof decking; Roof decking as roof plate; Trapezoidal profile sheeting; Steel trapezoidal profile sheeting as roof plate; Solid timber panels; Timber panels; Aerated concrete planks; Sandwich panels; Glass; Timber pitched roofs; Close couple and collar roofs; Purlin roof; Bracing the timber pitched roof; Historical roof structures; Loadbearing structures for pitched roofs; Flat roof surfaces; Roof surfaces in single curvature</marcx:subfield></marcx:datafield><marcx:datafield ind1="0" ind2="0" tag="530"><marcx:subfield code="a">Roof surfaces in double curvatureBuilding science; Thermal performance; Basic terminology (definitions, symbols, parameters); Mechanisms of heat transmission; Heat transmission through components; Thermal insulation; Thermal bridges; Airtightness; Requirements for thermal performance; Energy-saving thermal insulation -- Energy Economy Act; Climate-related moisture control; Basic terminology (definitions, symbols, parameters); Moisture and moisture transport; Condensation and evaporation within the component cross-section; Moisture control layers; Roof ventilation -- openness to diffusion</marcx:subfield></marcx:datafield><marcx:datafield ind1="0" ind2="0" tag="530"><marcx:subfield code="a">Requirements for moisture controlSound insulation; Basic terminology (definitions, symbols, parameters); Sound transmission; Sound attenuation; Airborne sound insulation; Sound insulation for pitched roofs; Fire protection, corrosion protection; Design; Usage and requirements; Ventilated -- non-ventilated; Prefabrication; The modular roof; Layers and materials; Covering and sealing; Forms of roof covering and materials; Thatch; Reed and straw; Flat overlapping elements; Wood; Natural and fibre-cement slates; Bitumen; Clay and concrete; Profiled overlapping elements; Clay and concrete</marcx:subfield></marcx:datafield><marcx:datafield ind1="0" ind2="0" tag="530"><marcx:subfield code="a">Flat sheetsGlass; Profiled sheets; Fibre-cement; Bitumen; Metal; Sheets; Metal; Flexible sheeting; Green roof; Membranes; Energy production; Ventilation; Secondary waterproofing/covering layer; Vapour barrier and airtight membrane; Thermal insulation; Drainage; Part 3 Construction details; Thatch; Reed and straw; Flat overlapping elements; Wood; Natural and fibre-cement slates; Bitumen; Clay and concrete; Profiled overlapping elements; Clay and concrete; Roof covering over open roof space; Roof covering with roofing felt underneath; Roof covering with secondary waterproofing layer underneath</marcx:subfield></marcx:datafield><marcx:datafield ind1="0" ind2="0" tag="539"><marcx:subfield code="a">Description based on print version record</marcx:subfield></marcx:datafield><marcx:datafield ind1="0" ind2="0" tag="559"><marcx:subfield code="a">Flat sheets</marcx:subfield></marcx:datafield><marcx:datafield ind1="0" ind2="0" tag="650"><marcx:subfield code="a">Roofs</marcx:subfield><marcx:subfield code="x">Design and construction</marcx:subfield><marcx:subfield code="2">5</marcx:subfield></marcx:datafield><marcx:datafield ind1="0" ind2="0" tag="650"><marcx:subfield code="a">Roofs</marcx:subfield><marcx:subfield code="x">Design and construction</marcx:subfield><marcx:subfield code="2">2</marcx:subfield></marcx:datafield><marcx:datafield ind1="0" ind2="0" tag="650"><marcx:subfield code="a">TECHNOLOGY &amp; ENGINEERING / Construction / Roofing</marcx:subfield><marcx:subfield code="2">bisacsh</marcx:subfield></marcx:datafield><marcx:datafield ind1="0" ind2="0" tag="650"><marcx:subfield code="a">Electronic books</marcx:subfield><marcx:subfield code="2">5</marcx:subfield></marcx:datafield><marcx:datafield ind1="0" ind2="0" tag="700"><marcx:subfield code="a">Oster</marcx:subfield><marcx:subfield code="h">Hans Jochen</marcx:subfield></marcx:datafield><marcx:datafield ind1="0" ind2="0" tag="700"><marcx:subfield code="a">Barthel</marcx:subfield><marcx:subfield code="h">Rainer</marcx:subfield></marcx:datafield><marcx:datafield ind1="0" ind2="0" tag="700"><marcx:subfield code="a">KieÇl</marcx:subfield><marcx:subfield code="h">Kurt</marcx:subfield></marcx:datafield><marcx:datafield ind1="0" ind2="0" tag="856"><marcx:subfield code="u">http://search.ebscohost.com/login.aspx?direct=true&amp;scope=site&amp;db=nlebk&amp;db=nlabk&amp;AN=642045</marcx:subfield><marcx:subfield code="z"/></marcx:datafield><marcx:datafield ind1="0" ind2="0" tag="526"><marcx:subfield code="i">Print version</marcx:subfield><marcx:subfield code="d">Schunck, Eberhard</marcx:subfield><marcx:subfield code="t">Roof Construction Manual : Pitched Roofs</marcx:subfield><marcx:subfield code="r">9783764369866</marcx:subfield></marcx:datafield></marcx:record></marcx:collection></of:formatResponse></SOAP-ENV:Body></SOAP-ENV:Envelope>
